@MISC{Anu:Stack_Overflow,
author = {Stack Overflow},
title = {Efficient generation of Taylor (Maclaurin) series},
month = 07,
year = {2022},
howpublished={\url{https://stackoverflow.com/questions/23821878/efficient-generation-of-taylor-maclaurin-series}}
}

@MISC{Anu:2013,
author = {MathBits Teacher},
title = {Exponential Functions},
month = 07,
year = {2022},
howpublished={\url{https://mathbitsnotebook.com/Algebra2/Exponential/EXExpFunctions.html}}
}

@book{browder2012mathematical,
  title={Mathematical analysis: an introduction},
  author={Browder, Andrew},
  year={2012},
  publisher={Springer Science \& Business Media}
}
@article{zelen1966application,
  title={Application of exponential models to problems in cancer research},
  author={Zelen, M},
  journal={Journal of the Royal Statistical Society. Series A (General)},
  pages={368--398},
  year={1966},
  publisher={JSTOR}
}
@article{lebanon2001boosting,
  title={Boosting and maximum likelihood for exponential models},
  author={Lebanon, Guy and Lafferty, John},
  journal={Advances in neural information processing systems},
  volume={14},
  year={2001}
}
@article{xu2015application,
  title={Application of the Newton iteration algorithm to the parameter estimation for dynamical systems},
  author={Xu, Ling},
  journal={Journal of Computational and Applied Mathematics},
  volume={288},
  pages={33--43},
  year={2015},
  publisher={Elsevier}
}
@inproceedings{haberman2002case,
  title={The case of base cases: why are they so difficult to recognize? student difficulties with recursion},
  author={Haberman, Bruria and Averbuch, Haim},
  booktitle={Proceedings of the 7th annual conference on innovation and technology in computer science education},
  pages={84--88},
  year={2002}
}
@article{karigl1981recursive,
  title={A recursive algorithm for the calculation of identity coefficients},
  author={Karigl, G},
  journal={Annals of human genetics},
  volume={45},
  number={3},
  pages={299--305},
  year={1981},
  publisher={Wiley Online Library}
}
@online{format,
  author = {Szasz Janos},
  title = {The algorithmicx package},
  year = 2005,
  url = {http://tug.ctan.org/macros/latex/contrib/algorithmicx/algorithmicx.pdf},
  urldate = {2005-04-27}
}
@article{abad2012algorithm,
  title={Algorithm 924: TIDES, a Taylor series integrator for differential equations},
  author={Abad, Alberto and Barrio, Roberto and Blesa, Fernando and Rodr{\'\i}guez, Marcos},
  journal={ACM Transactions on Mathematical Software (TOMS)},
  volume={39},
  number={1},
  pages={1--28},
  year={2012},
  publisher={ACM New York, NY, USA}
}

@article{hariharan2010comparative,
  title={A comparative study of a Haar wavelet method and a restrictive Taylor's series method for solving convection-diffusion equations},
  author={Hariharan, G and Kannan, K},
  journal={International Journal for Computational Methods in Engineering Science and Mechanics},
  volume={11},
  number={4},
  pages={173--184},
  year={2010},
  publisher={Taylor \& Francis}
}